@INPROCEEDINGS{9455865,
	author={Silvestre, Justine Lewis S.},
	booktitle={2021 Devices for Integrated Circuit (DevIC)}, 
	title={A 2.24 NEF Current-Balancing Instrumentation Amplifier Using Inverter-Based Transimpedance Stage for ECG Signal Acquisition in 180nm Technology}, 
	year={2021},
	volume={},
	number={},
	pages={508-511},
	keywords={Integrated circuits;Power demand;Instruments;Wearable computers;Electrocardiography;Biomedical monitoring;Transconductance;current-balancing instrumentation amplifier;transimpedance stage;transconductance stage;inverter-based;Electrocardiogram (ECG)},
	doi={10.1109/DevIC50843.2021.9455865}}

@INPROCEEDINGS{10101028,
	author={Raptan, Saikat and Bhattacharyya, Abhirup and Das, Nantu and Pandey, Indrajit and Bhattacharjee, Subhankar},
	booktitle={2023 2nd International Conference for Innovation in Technology (INOCON)}, 
	title={“Cardioxy” – A Novel and Portable Instrumentation Amplifier based and IoT enabled ECG device}, 
	year={2023},
	volume={},
	number={},
	pages={1-5},
	keywords={Operational amplifiers;Heart;Visualization;Technological innovation;Costs;Pandemics;Instruments;Instrumentation amplifier;LM741;ECG device;IoT;ThingSpeak},
	doi={10.1109/INOCON57975.2023.10101028}}

@INPROCEEDINGS{10373502,
	author={H K, Yogitha and K, Sinchana and Biyani, Shristi and Seethur, Rashmi},
	booktitle={2023 IEEE 9th International Conference on Smart Instrumentation, Measurement and Applications (ICSIMA)}, 
	title={Design of a 90nm Instrumentation Amplifier for High Precision Signal Acquisition Applications}, 
	year={2023},
	volume={},
	number={},
	pages={116-120},
	keywords={Operational amplifiers;Power demand;Power measurement;Instruments;Bandwidth;Voltage;Biomedical measurement;Instrumentation Amplifier;Op-Amp;Folded Cascode;Biomedical Applications;CMRR},
	doi={10.1109/ICSIMA59853.2023.10373502}}
@article{pantuprecharat2023ecg,
	author    = {Panlop Pantuprecharat and Suchada Sitjongsataporn and Prajuab Pawarangkool},
	title     = {0.5 V DC Suppression, Low Noise, High Impedance CCII-Based Electrocardiogram Amplifier},
	journal   = {--}, % Añade el nombre de la revista si lo conoces
	year      = {2023}, % Cambia el año si es distinto
	abstract  = {This paper presents the design of an electrocardiogram (ECG) front-end amplifier using two second generation current conveyors (CCII) based on the current-balancing instrumentation amplifier (CBIA) and five passive elements with the single supply at the transistor-level topology. ...},
	keywords  = {Single supply circuit, Current conveyor (CC), ECG amplifier, Biopotential monitoring, Current-balancing instrumentation amplifier (CBIA)},
	address   = {Thailand},
	institution = {Mahanakorn University of Technology, Mahanakorn Institute of Innovation (MII), Pathumwan Institute of Technology}
}
